@Article{Ayton2004,
	author={Ayton, Peter
	and Fischer, Ilan},
	title={The hot hand fallacy and the gambler's fallacy: Two faces of subjective randomness?},
	journal={Memory {\&} Cognition},
	year={2004},
	volume={32},
	number={8},
	pages={1369--1378}
}

@Article{Ballard2018,
	author = {Ballard, Timothy
	and Farrell, Simon
	and Neal, Andrew},
	title = {Quantifying the psychological value of goal achievement},
	journal = {Psychonomic Bulletin {\&} Review},
	year = {2018},
	volume = {25},
	number = {3},
	pages = {1184--1192},
	issn = {1531-5320},
	doi = {10.3758/s13423-017-1329-1}
}

@article{BARHILLEL1991428,
	title = {The perception of randomness},
	journal = {Advances in Applied Mathematics},
	volume = {12},
	number = {4},
	pages = {428 - 454},
	year = {1991},
	issn = {0196-8858},
	author = {Maya Bar-Hillel and Willem A Wagenaar}
}

@article{barlow1961possible,
	title={Possible principles underlying the transformations of sensory messages},
	author={Barlow, Horace B},
	year={1961},
	publisher={MIT press}
}

@article{bates2014fitting,
	title={Fitting linear mixed-effects models using lme4},
	author={Bates, Douglas and M{\"a}chler, Martin and Bolker, Ben and Walker, Steve},
	journal={arXiv preprint arXiv:1406.5823},
	year={2014}
}

@article{BOSSAERTS2017917,
	title = "Computational Complexity and Human Decision-Making",
	journal = "Trends in Cognitive Sciences",
	volume = "21",
	number = "12",
	pages = "917 - 929",
	year = "2017",
	issn = "1364-6613",
	author = "Peter Bossaerts and Carsten Murawski"
}

@article{brainard1997psychophysics,
	title={The psychophysics toolbox},
	author={Brainard, David H and Vision, Spatial},
	journal={Spatial vision},
	volume={10},
	pages={433--436},
	year={1997},
	publisher={VSP}
}

@article{bush1955stochastic,
	title={Stochastic models for learning.},
	author={Bush, Robert R and Mosteller, Frederick},
	year={1955},
	publisher={John Wiley \& Sons, Inc.}
}

@Article{Camerer1999,
	author="Camerer, Colin F.
	and Hogarth, Robin M.",
	title="The Effects of Financial Incentives in Experiments: A Review and Capital-Labor-Production Framework",
	journal="Journal of Risk and Uncertainty",
	year="1999",
	volume="19",
	number="1",
	pages="7--42",
	issn="1573-0476",
	doi="10.1023/A:1007850605129",
	url="https://doi.org/10.1023/A:1007850605129"
}

@article{camerer1989experimental,
	title={An experimental test of several generalized utility theories},
	author={Camerer, Colin F},
	journal={Journal of Risk and uncertainty},
	volume={2},
	number={1},
	pages={61--104},
	year={1989},
	publisher={Springer}
}

@article{carpenter1995neural,
	title={Neural computation of log likelihood in control of saccadic eye movements},
	author={Carpenter, Roger HS and Williams, MLL},
	journal={Nature},
	volume={377},
	pages={59},
	year={1995},
	publisher={Nature Publishing Group}
}

@article{chang2014self,
	title={Self-talk and softball performance: The role of self-talk nature, motor task characteristics, and self-efficacy in novice softball players},
	author={Chang, Yu Kai and Ho, Li An and Lu, Frank Jing Horng and Ou, Ching Chieh and Song, Tai Feng and Gill, Diane L},
	journal={Psychology of Sport and Exercise},
	volume={15},
	number={1},
	pages={139--145},
	year={2014},
	publisher={Elsevier}
}

@article{CHAPMAN2010168,
	title = "Reaching for the unknown: Multiple target encoding and real-time decision-making in a rapid reach task",
	journal = "Cognition",
	volume = "116",
	number = "2",
	pages = "168 - 176",
	year = "2010",
	issn = "0010-0277",
	author = "Craig S. Chapman and Jason P. Gallivan and Daniel K. Wood and Jennifer L. Milne and Jody C. Culham and Melvyn A. Goodale"
}


@article{clarke2015failure,
	author = {Alasdair D. F. Clarke and Amelia R. Hunt},
	title = {Failure of intuition when choosing whether to invest in a single goal or split resources between two goals},
	journal = {Psychological Science},
	volume = {27},
	number = {1},
	pages = {64-74},
	year = {2016},
}	

@article{cornelissen2002eyelink,
	title={The Eyelink Toolbox: eye tracking with MATLAB and the Psychophysics Toolbox},
	author={Cornelissen, Frans W and Peters, Enno M and Palmer, John},
	journal={Behavior Research Methods, Instruments, \& Computers},
	volume={34},
	number={4},
	pages={613--617},
	year={2002},
	publisher={Springer}
}

@inproceedings{davidson1955some,
	title={Some experiments and related theory on the measurement of utility and subjective probability},
	author={Davidson, Donald and Suppes, Patrick and Siegel, Sidney},
	year={1955},
	organization={Citeseer}
}

@article{fantino2002probability,
	title={Probability matching: Encouraging optimal responding in humans.},
	author={Fantino, Edmund and Esfandiari, Ali},
	journal={Canadian Journal of Experimental Psychology/Revue canadienne de psychologie exp{\'e}rimentale},
	volume={56},
	number={1},
	pages={58},
	year={2002},
	publisher={Canadian Psychological Association}
}

@article{fishburn1979two,
	title={Two-Piece von Neumann-Morgenstern Utility Functions},
	author={Fishburn, Peter C and Kochenberger, Gary A},
	journal={Decision Sciences},
	volume={10},
	number={4},
	pages={503--518},
	year={1979},
	publisher={Wiley Online Library}
}

@article{Frederick2005CRT,
	ISSN = {08953309},
	author = {Shane Frederick},
	journal = {The Journal of Economic Perspectives},
	number = {4},
	pages = {25-42},
	publisher = {American Economic Association},
	title = {Cognitive Reflection and Decision Making},
	volume = {19},
	year = {2005}
}

@incollection{galanter1974cross,
	title={Cross-modality matching of money against other continua},
	author={Galanter, Eugene and Pliner, Patricia},
	booktitle={Sensation and measurement},
	pages={65--76},
	year={1974},
	publisher={Springer}
}
	
@article{gaissmaier2008smart,
	title={The smart potential behind probability matching},
	author={Gaissmaier, Wolfgang and Schooler, Lael J},
	journal={Cognition},
	volume={109},
	number={3},
	pages={416--422},
	year={2008},
	publisher={Elsevier}
}

@Article{Gao2015,
	author={Gao, Jie
	and Corter, James E.},
	title={Striving for perfection and falling short: The influence of goals on probability matching},
	journal={Memory {\&} Cognition},
	year={2015},
	volume={43},
	number={5},
	pages={748--759}
}
	
	
@article{gegenfurtner2011expertise,
	title={Expertise differences in the comprehension of visualizations: A meta-analysis of eye-tracking research in professional domains},
	author={Gegenfurtner, Andreas and Lehtinen, Erno and S{\"a}lj{\"o}, Roger},
	journal={Educational Psychology Review},
	volume={23},
	number={4},
	pages={523--552},
	year={2011},
	publisher={Springer}
}

@article{gigerenzer2009homo,
	title={Homo heuristicus: Why biased minds make better inferences},
	author={Gigerenzer, Gerd and Brighton, Henry},
	journal={Topics in Cognitive Science},
	volume={1},
	number={1},
	pages={107--143},
	year={2009},
	publisher={Wiley Online Library}
}

@article{Gigerenzer2011,
	author = {Gerd Gigerenzer and Wolfgang Gaissmaier},
	title = {Heuristic Decision Making},
	journal = {Annual Review of Psychology},
	volume = {62},
	number = {1},
	pages = {451-482},
	year = {2011},
	doi = {10.1146/annurev-psych-120709-145346}
}

@article{GILOVICH1985295,
	title = "The hot hand in basketball: On the misperception of random sequences",
	journal = "Cognitive Psychology",
	volume = "17",
	number = "3",
	pages = "295 - 314",
	year = "1985",
	issn = "0010-0285",
	doi = "https://doi.org/10.1016/0010-0285(85)90010-6",
	author = "Thomas Gilovich and Robert Vallone and Amos Tversky"
}

@article{GRIFFITHS201885,
	title = {Subjective randomness as statistical inference},
	journal = {Cognitive Psychology},
	volume = {103},
	pages = {85 - 109},
	year = {2018},
	issn = {0010-0285},
	author = {Thomas L. Griffiths and Dylan Daniels and Joseph L. Austerweil and Joshua B. Tenenbaum}
}

@article{Goodnow1955,
	ISSN = {00029556},
	author = {Jacqueline Jarrett Goodnow},
	journal = {The American Journal of Psychology},
	number = {1},
	pages = {106--116},
	publisher = {University of Illinois Press},
	title = {Determinants of Choice-Distribution in Two-Choice Situations},
	volume = {68},
	year = {1955}
}

@article{hardman2015reasoning,
	title = {Reasoning and memory: People make varied use of the information available in working memory},
	author = {Hardman, Kyle O and Cowan, Nelson},
	journal = {Journal of experimental psychology. Learning, memory, and cognition},
	volume = {42},
	pages = {700--722},
	Number = {5},
	Month = {May},
	Year = {2016}
}

@article{Hudson2007probmove,	
	title = {Movement Planning With Probabilistic Target Information},
	author = {Hudson, Todd E and Maloney, Laurence T and Landy, Michael S},
	journal = {Journal of Neurophysiology},
	volume = {98},
	number = {5},
	pages = {3034-3046},
	year = {2007}
}

@article{James2017,
	title = {Failure to use probability of success in deciding whether to pursue one goal or two},
	author = {Warren R. G. James and Alasdair D. F. Clarke and Amelia R. Hunt},
	journal = {Proceedings of the 39th Annual Conference of the Congnitive Science Society},
	pages = {2279 - 2283},
	year = {2017},
	note = {Austin, TX: Cognitive Science Society}
}
	

@article{jasper2017numeracy,
	title={Numeracy Predicts More Effortful and Elaborative Search Strategies in a Complex Risky Choice Context: A Process-Tracing Approach},
	author={Jasper, John D and Bhattacharya, Chandrima and Corser, Ryan},
	journal={Journal of Behavioral Decision Making},
	volume={30},
	number={2},
	pages={224--235},
	year={2017},
	publisher={Wiley Online Library}
}

@article{KAHNEMAN1972430,
	title = "Subjective probability: A judgment of representativeness",
	journal = "Cognitive Psychology",
	volume = "3",
	number = "3",
	pages = "430 - 454",
	year = "1972",
	issn = "0010-0285",
	author = "Daniel Kahneman and Amos Tversky"
}

@article{kachelmeier1992examining,
	title={Examining risk preferences under high monetary incentives: Experimental evidence from the People's Republic of China},
	author={Kachelmeier, Steven J and Shehata, Mohamed},
	journal={The American Economic Review},
	pages={1120--1141},
	year={1992},
	publisher={JSTOR}
}

@article{kahneman2003perspective,
	title={A perspective on judgment and choice: mapping bounded rationality.},
	author={Kahneman, Daniel},
	journal={American psychologist},
	volume={58},
	number={9},
	pages={697},
	year={2003},
	publisher={American Psychological Association}
}

@article{KahnemanProspect,
	ISSN = {00129682, 14680262},
	author = {Daniel Kahneman and Amos Tversky},
	journal = {Econometrica},
	number = {2},
	pages = {263-291},
	publisher = {[Wiley, Econometric Society]},
	title = {Prospect Theory: An Analysis of Decision under Risk},
	volume = {47},
	year = {1979}
}


@article{KahnemanChoicesValuseFrames,
	author = {Daniel Kahneman and Amos Tversky},
	title = {Choices, Values, and Frames},
	journal = {American Psychologist},
	volume = {39},
	number = {4},
	pages = {341-350},
	year = {1984}
}

@article{KAHNEMAN1982,
	title = "On the study of statistical intuitions",
	journal = "Cognition",
	volume = "11",
	number = "2",
	pages = "123 - 141",
	year = "1982",
	issn = "0010-0277",
	author = "Daniel Kahneman and Amos Tversky"
}

@misc{kahneman1982judgement,
	title={Judgement Under Uncertainty: Heuristics and Biases},
	author={Kahneman, D and Slovic, P and Tversky, A},
	year={1982},
	publisher={Cambridge University Press, Cambridge}
}

@article{kahneman2002representativeness,
	title={Representativeness revisited: Attribute substitution in intuitive judgment},
	author={Kahneman, Daniel and Frederick, Shane},
	journal={Heuristics and biases: The psychology of intuitive judgment},
	volume={49},
	pages={81},
	year={2002}
}

@article{kepecs2008neural,
	title={Neural correlates, computation and behavioural impact of decision confidence},
	author={Kepecs, Adam and Uchida, Naoshige and Zariwala, Hatim A and Mainen, Zachary F},
	journal={Nature},
	volume={455},
	number={7210},
	pages={227--231},
	year={2008},
	publisher={Nature Publishing Group}
}

@article {Kiani759,
	author = {Kiani, Roozbeh and Shadlen, Michael N.},
	title = {Representation of Confidence Associated with a Decision by Neurons in the Parietal Cortex},
	volume = {324},
	number = {5928},
	pages = {759--764},
	year = {2009},
	doi = {10.1126/science.1169405},
	journal = {Science}
}

@article{pelli1997videotoolbox,
	title={The VideoToolbox software for visual psychophysics: Transforming numbers into movies},
	author={Pelli, Denis G},
	journal={Spatial vision},
	volume={10},
	number={4},
	pages={437--442},
	year={1997},
	publisher={Brill}
}

@article{koehler2014probability,
	title={Probability matching, fast and slow},
	author={Koehler, Derek and James, Greta},
	journal={The psychology of learning and motivation},
	volume={61},
	pages={103--131},
	year={2014}
}

@Article{Koehler2010,
	author="Koehler, Derek
	and James, Greta",
	title="Probability matching and strategy availability",
	journal="Memory {\&} Cognition",
	year="2010",
	volume="38",
	number="6",
	pages="667--676"
}

@article{lopes1987distinguishing,
	title={Distinguishing between random and nonrandom events.},
	author={Lopes, Lola L and Oden, Gregg C},
	journal={Journal of Experimental Psychology: Learning, Memory, and Cognition},
	volume={13},
	number={3},
	pages={392},
	year={1987},
	publisher={American Psychological Association}
}

@article{hinson1983matching,
	title={Matching, maximizing, and hill-climbing},
	author={Hinson, John M and Staddon, JER},
	journal={Journal of the experimental analysis of behavior},
	volume={40},
	number={3},
	pages={321},
	year={1983},
	publisher={Society for the Experimental Analysis of Behavior}
}

@article{land2000eye,
	title={From eye movements to actions: how batsmen hit the ball},
	author={Land, Michael F and McLeod, Peter},
	journal={Nature neuroscience},
	volume={3},
	number={12},
	pages={1340--1345},
	year={2000},
	publisher={Nature Publishing Group}
}

@article{lichtenstein1965bases,
	title={Bases for preferences among three-outcome bets.},
	author={Lichtenstein, Sarah},
	journal={Journal of Experimental Psychology},
	volume={69},
	number={2},
	pages={162},
	year={1965},
	publisher={American Psychological Association}
}

@article{mongin1997expected,
	title={Expected utility theory},
	author={Mongin, Philippe},
	journal={Handbook of economic methodology},
	volume={342350},
	year={1997},
	publisher={Edward Elgar London}
}

@article{morvan2012human,
	title={Human visual search does not maximize the post-saccadic probability of identifying targets},
	author={Morvan, Camille and Maloney, Laurence T},
	journal={PLoS Comput Biol},
	volume={8},
	number={2},
	pages={e1002342},
	year={2012},
	publisher={Public Library of Science}
}


@article{najemnik2005optimal,
	title={Optimal eye movement strategies in visual search},
	author={Najemnik, Jiri and Geisler, Wilson S},
	journal={Nature},
	volume={434},
	number={7031},
	pages={387--391},
	year={2005},
	publisher={Nature Publishing Group}
}

@Article{Neth2016,
	author={Neth, Hansj{\"o}rg
	and Sims, Chris R.
	and Gray, Wayne D.},
	title={Rational Task Analysis: A Methodology to Benchmark Bounded Rationality},
	journal={Minds and Machines},
	year={2016},
	volume={26},
	number={1},
	pages={125--148},
	issn={1572-8641},
	doi={10.1007/s11023-015-9368-8},
}

@article{noorani2014later,
	title={LATER models of neural decision behavior in choice tasks},
	author={Noorani, Imran},
	journal={Frontiers in Integrative Neuroscience},
	volume={8},
	year={2014},
	publisher={Frontiers Media SA}
}

@Article{Pertl2017,
	author="Pertl, Marie-Theres
	and Zamarian, Laura
	and Delazer, Margarete",
	title="Reasoning and mathematical skills contribute to normatively superior decision making under risk: evidence from the game of dice task",
	journal="Cognitive Processing",
	year="2017",
	volume="18",
	number="3",
	pages="249--260",
	doi="10.1007/s10339-017-0813-x",
	url="https://doi.org/10.1007/s10339-017-0813-x"
}

@article{phillips1966conservatism,
	title={Conservatism in a simple probability inference task.},
	author={Phillips, Lawrence D and Edwards, Ward},
	journal={Journal of experimental psychology},
	volume={72},
	number={3},
	pages={346},
	year={1966},
	publisher={American Psychological Association}
}

@Manual{R,
	title = {R: A Language and Environment for Statistical Computing},
	author = {{R Core Team}},
	organization = {R Foundation for Statistical Computing},
	address = {Vienna, Austria},
	year = {2016},
	url = {https://www.R-project.org/},
}

@article{REIMERS201811,
	title = {Perceptions of randomness in binary sequences: Normative, heuristic, or both?},
	journal = {Cognition},
	volume = {172},
	pages = {11 - 25},
	year = {2018},
	doi = {https://doi.org/10.1016/j.cognition.2017.11.002},
	author = {Stian Reimers and Chris Donkin and Mike E. Le Pelley}
}

@article{Roney2015,
	author = {Christopher J. R. Roney and Natalie Sansone},
	title = {Explaining the gambler's fallacy: Testing a gestalt explanation versus the “law of small numbers”},
	journal = {Thinking \& Reasoning},
	volume = {21},
	number = {2},
	pages = {193-205},
	year  = {2015},
	publisher = {Routledge},
	doi = {10.1080/13546783.2014.942367}	
}

@article{rosenboim2012whose,
	title={Whose money is it anyway? Using prepaid incentives in experimental economics to create a natural environment},
	author={Rosenboim, Mosi and Shavit, Tal},
	journal={Experimental Economics},
	volume={15},
	number={1},
	pages={145--157},
	year={2012},
	publisher={Springer}
}

@article{schraw1994assessing,
	title={Assessing metacognitive awareness},
	author={Schraw, Gregory and Dennison, Rayne Sperling},
	journal={Contemporary educational psychology},
	volume={19},
	number={4},
	pages={460--475},
	year={1994},
	publisher={Elsevier}
}

@article{shafir2002rationality,
	title={Rationality},
	author={Shafir, Eldar and LeBoeuf, Robyn A},
	journal={Annual review of psychology},
	volume={53},
	number={1},
	pages={491--517},
	year={2002},
	publisher={Annual Reviews 4139 El Camino Way, PO Box 10139, Palo Alto, CA 94303-0139, USA}
}

@article{simon1990invariants,
	title={Invariants of human behavior},
	author={Simon, Herbert A},
	journal={Annual review of psychology},
	volume={41},
	number={1},
	pages={1--20},
	year={1990},
	publisher={Annual Reviews 4139 El Camino Way, PO Box 10139, Palo Alto, CA 94303-0139, USA}
}

@article{sloan1952comparison,
	title={Comparison of three types of test target for the measurement of visual acuity},
	author={Sloan, Louise L and Rowland, William M and Altman, Adelaide},
	journal={Q Rev Ophthalmol},
	volume={8},
	number={1},
	pages={4--16},
	year={1952}
}

@article{stanovich2008relative,
	title={On the relative independence of thinking biases and cognitive ability.},
	author={Stanovich, Keith E and West, Richard F},
	journal={Journal of personality and social psychology},
	volume={94},
	number={4},
	pages={672},
	year={2008},
	publisher={American Psychological Association}
}

@article{stewart2003prospect,
	title={Prospect relativity: How choice options influence decision under risk.},
	author={Stewart, Neil and Chater, Nick and Stott, Henry P and Reimers, Stian},
	journal={Journal of Experimental Psychology: General},
	volume={132},
	number={1},
	pages={23},
	year={2003},
	publisher={American Psychological Association}
}

@article{strack1997explaining,
	title={Explaining the enigmatic anchoring effect: mechanisms of selective accessibility.},
	author={Strack, Fritz and Mussweiler, Thomas},
	journal={Journal of personality and social psychology},
	volume={73},
	number={3},
	pages={437},
	year={1997},
	publisher={American Psychological Association}
}

@article{summerfield2011perceptual,
	title={Perceptual classification in a rapidly changing environment},
	author={Summerfield, Christopher and Behrens, Timothy E and Koechlin, Etienne},
	journal={Neuron},
	volume={71},
	number={4},
	pages={725--736},
	year={2011},
	publisher={Elsevier}
}

@article{SUMMERFIELD201527,
	title = "Do humans make good decisions?",
	journal = "Trends in Cognitive Sciences",
	volume = "19",
	number = "1",
	pages = "27 - 34",
	year = "2015",
	issn = "1364-6613",
	doi = "https://doi.org/10.1016/j.tics.2014.11.005",
	author = "Christopher Summerfield and Konstantinos Tsetsos"
}

@article{SZOLLOSI20171,
	title = "Exploring the determinants of confidence in the bat-and-ball problem",
	journal = "Acta Psychologica",
	volume = "180",
	pages = "1 - 7",
	year = "2017",
	issn = "0001-6918",
	author = "Aba Szollosi and Bence Bago and Barnabas Szaszi and Balazs Aczel"
}


@Article{Toplak2011,
	author={Toplak, Maggie E.
	and West, Richard F.
	and Stanovich, Keith E.},
	title={The Cognitive Reflection Test as a predictor of performance on heuristics-and-biases tasks},
	journal={Memory {\&} Cognition},
	year={2011},
	month={May},
	day={04},
	volume={39},
	number={7},
	pages={1275},
	issn={1532-5946}
}

@article{Vulkan2000ProbMatching,
	author = {Nir Vulkan},
	title = {An Economist’s Perspective on Probability Matching},
	journal = {Journal of Economic Surveys},
	volume = {14},
	number = {1},
	pages = {101--118},
	keywords = {Probability matching, Stochastic learning, Optimisation},
	doi = {10.1111/1467-6419.00106},
	year = {2000}
}

@article{wolford2000left,
	title={The left hemisphere's role in hypothesis formation},
	author={Wolford, George and Miller, Michael B and Gazzaniga, Michael},
	journal={Journal of Neuroscience},
	volume={20},
	number={6},
	pages={RC64--RC64},
	year={2000},
	publisher={Society for Neuroscience}
}

@article{wolford2004searching,
	title={Searching for patterns in random sequences.},
	author={Wolford, George and Newman, Sarah E and Miller, Michael B and Wig, Gagan S},
	journal={Canadian Journal of Experimental Psychology/Revue canadienne de psychologie exp{\'e}rimentale},
	volume={58},
	number={4},
	pages={221},
	year={2004},
	publisher={Canadian Psychological Association}
}

@article{WRIGHT198968,
	title = "Effects of situation familiarity and financial incentives on use of the anchoring and adjustment heuristic for probability assessment",
	journal = "Organizational Behavior and Human Decision Processes",
	volume = "44",
	number = "1",
	pages = "68 - 82",
	year = "1989",
	issn = "0749-5978",
	doi = "https://doi.org/10.1016/0749-5978(89)90035-6",
	url = "http://www.sciencedirect.com/science/article/pii/0749597889900356",
	author = "William F Wright and Urton Anderson"
}

@article{yechiam2013losses,
	title={Losses as modulators of attention: Review and analysis of the unique effects of losses over gains.},
	author={Yechiam, Eldad and Hochman, Guy},
	journal={Psychological bulletin},
	volume={139},
	number={2},
	pages={497},
	year={2013},
	publisher={American Psychological Association}
}

@Article{Yechiam2018,
	author="Yechiam, Eldad",
	title="Acceptable losses: the debatable origins of loss aversion",
	journal="Psychological Research",
	year="2018",
	month="Apr",
	day="16",
	issn="1430-2772",
	doi="10.1007/s00426-018-1013-8",
	url="https://doi.org/10.1007/s00426-018-1013-8"
}

@article{yellott1969probability,
	title={Probability learning with noncontingent success},
	author={Yellott, John I},
	journal={Journal of mathematical psychology},
	volume={6},
	number={3},
	pages={541--575},
	year={1969},
	publisher={Elsevier}
}

@article{Zhang2012handeye,
	author = {Zhang, Hang AND Morvan, Camille AND Etezad-Heydari, Louis-Alexandre AND Maloney, Laurence T.},
	journal = {PLOS Computational Biology},
	publisher = {Public Library of Science},
	title = {Very Slow Search and Reach: Failure to Maximize Expected Gain in an Eye-Hand Coordination Task},
	year = {2012},
	month = {10},
	volume = {8},
	pages = {1-12},
	number = {10}
}

















